2799 3600
287 352 396 394 Ante
435 362 581 393 vocem
622 350 1009 406 „inviolataquw‘
1051 350 1260 393 excidisse
1301 351 1473 393 videtur
1510 352 1786 403 „mactam‘st
1848 350 2013 393 Verba:
2059 352 2271 404 ‚fintactus
2319 350 2648 405 &zviolutusquffl

169 423 298 466 etiam
319 425 547 477 conjuncta
568 424 805 477 reperimus
833 423 975 466 11.12.
1023 423 1177 479 „Nunc
1192 425 1289 477 jure
1310 424 1411 466 belli
1440 423 1622 466 liberum
1651 427 1695 466 te
1721 425 1926 475 intactum
1958 424 2291 476 inviolatumque
2323 424 2419 467 hinc
2438 424 2647 466 dimitt0.“

168 498 228 541 Et
256 498 360 541 illud
389 499 641 552 ,‚intaomm“
673 498 866 541 additum
895 498 977 542 fuit
1006 499 1048 542 in
1081 498 1348 541 Frobeniana
1376 499 1504 541 annui
1539 500 1659 540 1531.
2191 506 2194 508 ’

1220 697 1334 774 Liv,
1382 698 1443 774 ll.
1497 697 1595 773 22.

412 858 557 911 Cum
586 859 932 913 Vulscorum
967 869 1138 933 gente
1172 862 1380 914 Latino
1414 862 1567 914 bello
1607 879 1794 931 neque
1829 878 1942 930 pax
1971 879 2156 930 neque
2187 860 2399 912 bellum
2433 863 2644 913 fuerat:

307 975 440 1010 nam
498 963 555 1010 et
617 956 811 1010 Vulsci
870 967 1348 1028 comparaverant
1404 958 1640 1022 auxilia,
1723 973 1870 1027 quae
1929 957 2219 1009 mitterent
2276 956 2519 1021 Latinis,
2590 959 2643 1010 ni

306 1059 657 1107 maturatum
700 1053 774 1107 ab
820 1053 1098 1106 dictatore
1143 1053 1404 1108 Romano
1462 1062 1645 1124 essen
1711 1061 1768 1108 et
1824 1054 2130 1106 maturavit
2191 1053 2511 1112 Romanus,
2576 1075 2644 1107 ne

307 1152 526 1234 proelio
572 1171 685 1204 uno
731 1171 861 1204 cum
905 1151 1113 1204 Latin«)
1164 1151 1491 1224 Vulseoque
1538 1153 1928 1206 contenderet..

341 1264 454 1306 Ante
485 1263 639 1307 verba:
681 1264 762 1318 „m‘
790 1267 1040 1306 maturatum
1068 1264 1121 1306 ab
1150 1264 1347 1305 dictatore
1376 1263 1565 1306 Romano
1595 1267 1733 1305 esset“
1764 1264 1988 1317 suppleas:
2022 1268 2066 1305 et
2095 1275 2205 1318 quae
2235 1262 2394 1305 auxilia
2423 1262 2652 1306 misissent.

170 1336 329 1380 Sensus
360 1338 470 1381 enim
501 1337 582 1380 loci
612 1337 782 1380 videtur
810 1337 955 1389 hicce3
999 1337 1145 1380 Vulsci
1175 1337 1316 1381 omnia
1353 1338 1407 1380 ad
1446 1338 1602 1381 bellum
1640 1339 1729 1392 jam
1759 1339 1893 1380 multo
1931 1342 2032 1381 ante
2073 1342 2455 1392 praeparaverant;
2497 1338 2653 1381 auxilia

169 1410 342 1455 stabant
375 1415 552 1464 parata,
591 1424 702 1467 quae
731 1411 897 1455 Latinis
937 1412 1178 1466 mitterent,
1219 1412 1256 1455 si
1286 1412 1462 1455 Romani
1504 1424 1577 1455 eos
1616 1413 1974 1466 aggrederentur,
2017 1416 2062 1455 et
2093 1424 2203 1465 quae
2225 1411 2386 1470 „Latino
2426 1412 2535 1455 bello
2574 1413 2650 1454 im-

167 1486 356 1528 minente
387 1485 629 1537 misissent,
659 1485 703 1527 ni
733 1485 912 1528 Romani
944 1486 986 1528 in
1017 1498 1140 1528 suum
1169 1486 1538 1538 ipsorum'agrum
1569 1487 1773 1539 impetum
1803 1486 2017 1529 fecissent.

1215 1701 1327 1779 Liv.
1389 1701 1451 1778 ll.
1514 1702 1612 1778 24.

410 1865 535 1920 Nec
579 1884 782 1937 posse,
830 1885 961 1919 euni
1005 1867 1201 1921 hostes
1245 1887 1426 1939 prope
1474 1868 1545 1921 ad
1591 1873 1787 1937 porta-s
1819 1872 2036 1923 essent,
2085 1864 2236 1918 bello
2267 1866 2646 1935 praevertisse

308 1964 650 2038 quidquam3
708 1984 842 2030 nee,
900 1963 948 2017 si
1002 1965 1076 2018 sit
1131 1965 1441 2019 laxamenti
1487 1964 1728 2038 aliquid,
1784 1971 1883 2017 aut
1926 1962 2085 2036 plebi
2139 1962 2442 2016 honestum
2503 1982 2646 2028 esse,

308 2064 415 2117 nisi
457 2063 723 2116 mercede
768 2063 924 2135 prius
963 2070 1208 2135 accepta
1230 2077 1397 2117 'arma
1427 2083 1529 2135 pro
1568 2064 1755 2134 patria
1795 2081 1908 2115 non
1946 2064 2195 2134 cepisse,
2241 2081 2425 2134 neque
2472 2061 2648 2132 patri-

307 2160 415 2213 bus
461 2159 601 2213 satis
647 2160 917 2221 decorum
965 2180 1068 2231 per
1109 2167 1326 2213 metum
1371 2161 1590 2230 potius,
1636 2179 1805 2231 quam
1854 2159 2161 2229 postmodo
2204 2159 2498 2211 voluntate
2545 2159 2647 2210 ad-

305 2256 475 2308 flictis
521 2256 727 2308 civium
773 2238 1005 2309 suorum
1047 2257 1292 2309 fortunis
1338 2257 1715 2309 consuluisse.

341 2378 464 2422 Hunc
495 2380 633 2422 locum
664 2392 842 2433 aegrum
873 2379 992 2422 varia
1016 2380 1097 2422 viri
1128 2380 1243 2422 docti
1274 2379 1438 2422 ratione
1469 2391 1620 2421 sanare
1652 2378 1792 2421 conati
1824 2382 1935 2420 suut..
1983 2378 2220 2430 Madvigius
2253 2377 2427 2420 verbum
2459 2380 2645 2433 „posse‘·

168 2453 416 2497 mutandum
441 2465 536 2497 esse
560 2454 604 2497 in
634 2455 793 2507 ‚,coss.“
823 2453 851 2496 i.
876 2466 913 2496 e.
940 2453 1137 2497 consules
1163 2453 1352 2506 censuit;
1387 2452 1759 2496 Weissenbornius
1790 2465 1867 2509 pro
1898 2452 2026 2495 verbo
2057 2454 2245 2507 „possffl
2276 2451 2502 2506 legendum
2522 2455 2650 2506 putat

168 2531 333 2582 „ipsos“
365 2529 443 2584 (sc.
461 2528 691 2583 consules).
724 2529 782 2571 At
802 2540 885 2571 non
906 2528 1082 2570 verbum
1104 2541 1254 2582 „posse
1264 2530 1290 2551 “
1311 2528 1519 2570 medicina
1540 2531 1651 2581 eget,
1678 2527 1754 2569 sed
1785 2528 2115 2582 „praevenis-effi
2147 2526 2258 2578 quod
2280 2526 2528 2568 mutandum
2550 2539 2647 2569 esse

170 2603 340 2646 videtur
367 2603 410 2645 in
443 2603 683 2656 „praeverti
711 2603 834 2643 coss“
865 2602 911 2656 (i.
943 2614 979 2643 e.
1001 2601 1230 2654 consules).
1294 2600 1452 2644 Sensus
1484 2601 1595 2643 euim
1625 2601 1706 2644 loci
1737 2605 1824 2644 est:
1860 2601 1995 2652 Quum
2027 2601 2171 2643 hostes
2202 2613 2335 2653 prope
2365 2605 2517 2654 portas
2548 2602 2647 2653 sint,

169 2677 285 2720 nulla
323 2689 393 2720 res
420 2675 531 2720 bello
561 2676 702 2729 potior
733 2680 800 2719 est
828 2675 1036 2726 ducenda,
1085 2688 1161 2718 nec
1202 2674 1317 2717 aliud
1358 2675 1587 2728 quidquam
1628 2675 1820 2718 consules
1858 2675 1975 2728 prius
2017 2675 2231 2727 suscipere
2273 2680 2473 2727 possunt,
2520 2687 2645 2729 quam

167 2753 314 2796 hostes
344 2751 533 2795 fuderint
563 2753 606 2794 et
636 2750 890 2805 fugaverint.

1228 2880 1337 2957 Liv.
1381 2880 1443 2956 ΙΙ.
1499 2879 1595 2956 28.

415 3046 564 3100 Tum
606 3063 740 3099 vero
784 3044 953 3117 plebs
993 3053 1193 3100 coetus
1238 3054 1546 3099 nocturnos
1587 3062 1717 3116 pars
1751 3042 2052 3114 Esquiliis,
2098 3062 2232 3114 pars
2272 3043 2326 3095 in
2358 3044 2648 3098 Aventino

310 3142 519 3196 faeere.
