2799 3600
1306 262 1309 264 -
1372 179 1401 236 7

1204 415 1316 491 Liv.
1365 415 1431 490 V.
1484 415 1583 490 13.

399 574 524 628 Nec
567 573 650 625 ita
690 572 872 625 multo
917 581 1051 642 post
1084 574 1208 643 jam
1252 573 1549 644 palantes,
1592 573 1771 625 voluti
1812 573 1958 625 forte
2003 573 2212 637 obla-ti,
2258 574 2635 644 populatores

287 671 601 743 Capenatis
647 670 766 740 agri
811 670 1081 742 reliquias
1124 689 1355 742 pugnae
1403 670 1754 723 absumsere.

320 794 497 838 Duobus
527 794 594 837 hic
626 793 742 836 locus
771 792 938 836 laborat
968 791 1303 836 difficultatibus.
1350 793 1539 835 Primum
1569 804 1694 835 voces
1725 794 1845 846 ,jam
1868 793 2086 846 palantes“
2116 793 2283 847 longius
2314 799 2414 836 sunt
2445 798 2634 837 remotae

147 882 174 912 a
204 869 378 913 vocibus
410 867 639 922 „reliquias
661 868 888 921 puyme“,
929 865 983 908 ad
1014 878 1120 918 quas
1161 865 1400 918 pertinent3
1444 864 1597 909 deinde
1627 865 1869 919 appositum
1907 865 2097 918 „veluti“
2129 866 2201 908 illo
2231 867 2399 921 quidem
2431 871 2633 910 contextu

147 942 361 986 insolitum
392 944 460 985 est
489 944 620 994 atque
650 941 856 994 ineptum.
900 940 1036 991 Quam
1053 938 1105 981 ob
1132 951 1221 981 rem
1239 938 1416 981 Wexius
1448 952 1532 981 una
1561 938 1690 981 litera
1719 943 1885 982 mutata
1914 941 2093 993 protulit
2125 941 2285 995 „veluti
2316 941 2428 984 forte
2458 942 2632 994 ablati“,

149 1015 261 1070 quod
294 1016 606 1068 interpretatus
629 1017 719 1055 est:
755 1012 1060 1068 „Marodeurs‚
1092 1012 1160 1054 die
1191 1012 1588 1054 umherschweiften
1618 1016 1745 1055 unter
1767 1012 1861 1055 dem
1882 1012 2081 1066 Scheine,
2113 1015 2176 1056 als
2196 1019 2337 1057 waren
2368 1015 2430 1057 sie
2461 1015 2634 1068 zufallig

149 1101 243 1130 vom
273 1088 414 1131 Heere
445 1090 671 1141 getrennt,
702 1085 1005 1140 versprengt“;
1045 1098 1130 1139 qua
1158 1086 1511 1138 interpretatione
1542 1087 1798 1127 sententiam
1831 1086 1994 1139 subjicit
2027 1099 2053 1128 a
2083 1087 2202 1129 Livio
2232 1099 2408 1140 prorsus
2438 1088 2631 1129 alienam.

148 1162 204 1204 Et
234 1162 626 1212 WeissenborniuS,
658 1161 731 1214 qui
761 1160 950 1201 dativum
983 1160 1201 1201 desiderat
1230 1171 1257 1200 a
1286 1160 1512 1212 participio
1547 1160 1737 1211 „oblatffl
1771 1160 2102 1213 dependentem,
2141 1161 2366 1203 emendare
2397 1161 2484 1202 vult
2518 1161 2633 1214 „jam

146 1236 390 1288 palantibus
421 1234 531 1288 (sive
553 1233 729 1287 palatis)
762 1233 879 1274 velut
908 1234 952 1273 in
981 1238 1074 1274 tuto
1104 1233 1217 1274 forte
1248 1232 1437 1282 oblati“;
1471 1245 1579 1286 quae
1599 1234 1843 1286 conjectura
1869 1233 1951 1274 vim
1969 1234 2138 1286 quidem
2161 1234 2346 1287 aliquam
2377 1237 2421 1275 et
2440 1238 2631 1285 potesta-

148 1312 234 1350 tem
275 1308 425 1350 tribuit
463 1307 702 1360 particulae
740 1306 802 1349 illi
834 1306 1047 1357 „veluti“,
1079 1306 1155 1346 sed
1185 1305 1304 1346 addit
1336 1305 1461 1346 etiam
1495 1305 1681 1356 aliquid,
1713 1305 1828 1357 quod
1857 1305 1950 1355 ipso
1983 1305 2112 1347 verbo
2144 1306 2395 1360 „palantes“
2429 1306 2632 1359 quodam·

147 1382 271 1423 modo
295 1382 386 1435 jam
417 1379 672 1423 continetur.
732 1379 934 1422 Palantes
965 1377 1075 1420 enim
1105 1378 1134 1420 ii
1163 1377 1318 1420 milites
1351 1377 1574 1429 dicuntur,
1616 1377 1688 1432 qui
1729 1377 1783 1420 ab
1814 1377 2009 1421 hostibus
2039 1391 2086 1421 se
2115 1384 2234 1422 tutos
2265 1392 2361 1423 esse
2391 1381 2631 1435 opinantur.

147 1455 299 1507 Itaque
328 1454 431 1496 nihil
462 1453 579 1496 aliud
609 1453 843 1506 reliquum,
875 1465 1001 1504 quam
1032 1456 1080 1494 ut
1109 1452 1235 1494 aliam
1265 1453 1456 1494 ineamus
1482 1453 1704 1494 rationem.
1751 1452 1797 1494 Si
1827 1465 1905 1504 pro
1936 1454 2195 1495 nominativo
2227 1454 2408 1505 ,‚oblat··“
2439 1456 2633 1507 ponimus

146 1527 435 1573 accusativum
476 1525 720 1579 „oblatos“‚
767 1527 903 1569 omnis
945 1523 1174 1569 difficultas
1214 1524 1384 1567 sublata
1423 1525 1606 1567 videtur.
1667 1525 1760 1567 Vox
1802 1526 2032 1580 „reliquias
2065 1531 2265 1582 puyzme“
2316 1529 2528 1582 appositio
2568 1533 2635 1571 est

145 1599 441 1656 praecedentis
472 1600 589 1643 vocis
620 1599 860 1654 „oblatos“.
920 1598 1036 1643 Dicit
1066 1598 1176 1642 enim
1207 1597 1376 1641 Livius:
1420 1598 1619 1652 Romani,
1661 1600 1734 1654 qui
1765 1600 2025 1654 Capenatem
2056 1613 2203 1654 agrum
2234 1601 2480 1656 depopulati
2511 1607 2633 1646 erant

147 1673 442 1730 (populatores
456 1673 688 1728 Capenatis
713 1674 810 1727 agri
833 1673 1036 1729 fuerant),
1067 1659 1312 1717 ansumsere
1342 1673 1438 1716 illos
1470 1672 1750 1727 Capenatium
1781 1677 1826 1717 et
1857 1673 2140 1727 Faliscorum,
2172 1676 2266 1729 qui,
2298 1688 2428 1729 quum
2445 1689 2469 1719 e
2489 1689 2632 1729 pugna

148 1748 202 1792 ad
233 1748 362 1791 Veios
392 1747 616 1792 commissa
646 1747 779 1803 elapsi
811 1747 977 1801 agmine
1009 1747 1150 1791 soluto
1180 1747 1449 1800 incederent,
1480 1746 1585 1800 ipsis
1616 1747 1746 1791 veluti
1777 1748 1888 1791 forte
1919 1747 2052 1791 oblati
2083 1752 2218 1792 erant.

1202 1958 1311 2034 Liv.
1357 1956 1423 2032 V.
1472 1957 1571 2032 15.

392 2114 485 2169 Sic
542 2117 715 2188 igitur
767 2117 926 2171 libris
984 2118 1284 2182 fatalibus,
1353 2117 1433 2169 sie
1487 2117 1793 2187 disciplina
1848 2116 2095 2170 Etrusca
2151 2119 2420 2171 traditum
2479 2138 2623 2184 esse,

284 2220 346 2265 ut
389 2212 620 2283 quando
667 2232 815 2284 aqua
843 2213 1075 2267 Albana
1120 2214 1499 2286 abundasset,
1544 2221 1691 2276 tum,
1737 2213 1783 2264 si
1828 2232 1953 2265 eam
1997 2213 2290 2267 Romanus
2335 2215 2437 2267 rite
2485 2216 2625 2268 enii-

285 2308 480 2372 sisset,
523 2309 821 2362 victoriam
868 2309 938 2362 de
985 2308 1327 2381 Vejentibus
1372 2309 1509 2361 dari.

316 2420 557 2464 Particulae
587 2425 670 2475 „ut
698 2421 897 2477 quando“
929 2434 1011 2464 non
1047 2422 1331 2477 sejungendae
1363 2427 1484 2475 sunt,
1515 2422 1590 2465 sed
1622 2421 1868 2474 cohaerent,
1902 2422 2036 2465 velut:
2071 2423 2105 2464 si
2137 2423 2326 2475 quando,
2357 2436 2410 2466 ne
2441 2424 2624 2478 quando,

144 2510 243 2540 num
273 2496 444 2551 quando
485 2496 680 2550 aliaeque
720 2497 962 2550 huJusmodi
1000 2496 1326 2549 conjunctiones,
1388 2496 1607 2538 Particula
1641 2496 1751 2538 enim
1792 2498 1903 2547 „affl
1941 2501 2107 2549 tempus
2150 2496 2386 2549 significat,
2427 2498 2624 2552 idemque

145 2572 279 2623 valet,
311 2570 424 2625 quod
455 2570 586 2614 alias:
619 2570 715 2623 ubi,
747 2570 945 2623 simulac,
978 2574 1026 2612 ut
1055 2570 1256 2623 primum,
1287 2570 1359 2612 ubi
1389 2570 1591 2623 primum,
1624 2569 1762 2612 velut:

373 2662 463 2704 Liv.
495 2662 566 2705 lib.
599 2663 754 2705 XXIV.
791 2666 836 2704 1:
870 2661 928 2704 Ut
957 2662 1126 2705 Poenus
1157 2661 1357 2714 apparuit
1388 2664 1493 2711 etc.;

143 2761 188 2797 et
218 2767 297 2796 vox
328 2754 561 2808 „quandffl
595 2758 663 2797 est
692 2754 904 2808 particula
933 2750 1164 2804 indefinita,
1196 2763 1305 2805 quae
1336 2762 1465 2803 saepe
1487 2762 1653 2793 annexa
1673 2753 1888 2804 reperitur
1907 2754 2297 2806 conjunctionibus,
2329 2755 2478 2808 quales
2503 2762 2624 2798 sunt:

143 2840 261 2879 num,
293 2827 350 2879 si,
382 2839 458 2880 ne,
490 2831 598 2881 θεας
630 2828 770 2870 velut:

371 2912 456 2955 Cic.
487 2913 606 2955 Lael.
641 2917 716 2954 19:
763 2914 924 2955 Existit
962 2915 1043 2955 hoc
1083 2913 1175 2954 loco
1213 2911 1432 2964 quaestio,
1471 2921 1569 2951 num
1612 2909 1780 2961 quando
1820 2910 1942 2952 amici
1983 2913 2079 2952 novi
2121 2912 2335 2954 veteribus
2376 2913 2463 2954 sint
2502 2916 2625 2955 ante·

504 2987 687 3030 oneudi‘?

372 3061 459 3106 Cic.
473 2998 617 3105 pRosc.
650 3063 743 3105 Am.
778 3064 869 3104 50.:
900 3061 965 3105 Ne
995 3060 1164 3116 quando
1194 3059 1338 3103 liberis
1368 3058 1702 3112 proscriptorum
1732 3057 1841 3100 bona
1871 3059 2013 3112 patria
2041 3059 2299 3112 reddantur3

278 3126 296 3135 ³
372 3135 458 3180 Cic.
490 3136 614 3181 Rosc.
646 3136 739 3180 Am.
775 3139 863 3180 13.:
896 3136 973 3189 Ut,
1005 3135 1042 3179 si
1075 3133 1243 3188 quando
1273 3131 1463 3177 auditum
1494 3131 1574 3185 sit,
1604 3132 1786 3187 prodigii
1817 3132 1952 3176 simile
1983 3137 2242 3177 numeretur.
