2799 3600
1146 1062 1258 1139 nv.
1306 1062 1344 1139 1.
1393 1062 1505 1164 57,
1552 1063 1608 1139 8.

370 1234 575 1288 Citatis
633 1237 796 1308 equis
854 1238 1089 1290 avolant
1146 1238 1321 1311 (regii
1367 1239 1648 1310 juvenes)
1705 1238 1965 1291 Romam.
2051 1233 2181 1299 Quo
2226 1254 2357 1288 cum
2410 1234 2611 1305 primis

266 1351 327 1387 se
371 1331 803 1388 intendentibus
859 1333 1113 1388 tenebris
1158 1335 1578 1405 pervenissent,
1634 1339 1884 1408 pergunt
1935 1332 2068 1388 inde
2114 1329 2454 1398 Collatiam,
2511 1331 2613 1386 ubi

264 1428 596 1483 Lucretiam
642 1472 652 1482 .
689 1472 699 1482 .
733 1473 743 1482 .
779 1473 789 1482 .
833 1437 1003 1483 noete
1051 1450 1180 1484 sera
1222 1431 1477 1485 deditam
1529 1432 1698 1486 lanae
1750 1432 1897 1485 inter
1948 1429 2324 1484 lucubrantes
2370 1427 2611 1482 ancillas

264 1526 319 1578 in
364 1527 553 1580 medio
600 1528 827 1581 aedium
872 1527 1171 1582 sedentem
1214 1529 1524 1583 inveniunt.

297 1637 377 1681 Hic
409 1637 627 1682 offendunt
658 1639 788 1683 verba
821 1640 997 1696 „primis
1026 1653 1069 1682 se
1099 1640 1395 1683 intendentibus
1425 1639 1647 1683 tenebris“.
1708 1640 1821 1691 Quid
1850 1639 1935 1684 sibi
1964 1639 2113 1683 volunt
2141 1640 2226 1682 ista
2265 1650 2342 1694 „se
2371 1639 2611 1680 attendenti-

124 1709 238 1764 bus“‚
270 1723 399 1766 quum
420 1711 562 1756 verbis
597 1713 767 1769 „primis
786 1711 985 1756 tenebrffl
1018 1716 1187 1769 tempus
1207 1713 1518 1769 vespertinum,
1549 1713 1664 1770 quod
1694 1713 1805 1758 diem
1833 1713 1992 1757 dirimit
2020 1724 2047 1758 a
2076 1716 2201 1757 nocte
2226 1713 2314 1768 jam
2343 1712 2449 1756 satis
2478 1712 2610 1766 signi-

127 1784 310 1831 ficetur?
369 1785 464 1833 Dici
508 1787 679 1844 quidem
718 1799 845 1843 posse
878 1788 1098 1845 „tenebrae
1130 1801 1172 1831 se
1200 1787 1442 1832 intendunt“
1477 1788 1825 1844 (intendunt-ur),
1857 1799 1979 1832 nemo
2009 1799 2092 1831 non
2122 1786 2356 1842 intelliget,
2396 1787 2467 1842 qui
2496 1798 2609 1830 com-

124 1861 342 1915 paraverit
371 1862 488 1907 locos
519 1862 668 1907 hosce:

352 1952 443 1995 Liv.
475 1951 590 1995 VIII.
624 1955 704 1996 28:
735 1953 829 1997 Nox
859 1953 1047 1997 interdiu
1079 1954 1169 1997 visa
1199 1953 1383 2005 intendi3

355 2025 473 2070 Curt.
505 2026 578 2070 IV.
614 2030 688 2070 14:
721 2027 870 2071 Subito
901 2027 1066 2082 spissae
1087 2027 1221 2070 nubes
1243 2039 1291 2071 se
1309 2029 1527 2072 intendere
1550 2029 1668 2072 coelo
1699 2032 1764 2080 et,
1798 2029 2005 2083 quidquid
2023 2029 2128 2071 lucis
2149 2028 2441 2080 interm-ebat,
2473 2026 2608 2071 effusa

456 2100 636 2154 caligine
667 2101 922 2144 exstinctum
953 2105 1042 2153 est;

357 2172 476 2215 Curt.
509 2172 627 2215 VIII.
660 2177 738 2215 46:
772 2174 890 2216 Adeo
922 2175 1087 2227 spissae
1117 2175 1339 2217 intendere
1370 2186 1416 2217 se
1448 2176 1601 2228 nubes,
1635 2181 1684 2218 ut
1713 2176 1947 2218 conderent
1976 2176 2113 2219 lucem
2144 2176 2368 2229 (coelum);

356 2246 491 2290 Tacit.
521 2247 621 2289 hist.
651 2246 729 2289 111.
763 2250 841 2289 56:
875 2246 1151 2291 concionanti
1181 2251 1350 2291 tantum
1379 2249 1599 2293 foedarum
1630 2249 1771 2293 avium
1794 2250 2138 2304 supervolitavit,
2171 2252 2220 2291 ut
2244 2248 2355 2291 nube
2377 2250 2472 2290 atra
2493 2248 2604 2290 diem

457 2321 738 2365 obtenderent
755 2336 764 2373 ;

354 2397 470 2450 Virg.
503 2397 660 2450 Georg.
694 2396 727 2439 1.
761 2400 866 2440 248:
900 2396 1078 2451 Semper
1108 2402 1152 2440 et
1182 2397 1358 2441 obtenta
1388 2399 1623 2442 densantur
1653 2403 1777 2442 nocte
1808 2399 2022 2442 tenebrae.

298 2486 450 2542 Itaque
479 2499 564 2530 non
594 2499 700 2541 opus
730 2491 798 2530 est
829 2488 1018 2541 recipere
1050 2489 1162 2542 quod
1192 2489 1372 2542 protulit
1388 2489 1603 2541 Valesius,
1636 2491 1708 2545 qui
1740 2503 1817 2543 pro
1834 2489 1974 2533 verbis
2008 2503 2076 2546 „se
2105 2488 2424 2532 intendentibm“
2458 2489 2602 2543 legen-

124 2562 224 2604 dum
254 2562 419 2604 censuit
452 2561 806 2616 „incedentibus“..

296 2653 499 2704 Reperies
530 2653 697 2708 quidem
731 2653 976 2705 saepissime
1006 2652 1135 2693 verba
1164 2654 1411 2704 conjuncta,
1444 2654 1586 2706 qualia
1616 2659 1739 2696 sunt:
1773 2655 1907 2706 prima
1936 2654 2050 2704 luce,
2080 2652 2216 2705 primo
2246 2664 2389 2704 mane,
2422 2665 2449 2694 a
2467 2652 2606 2705 primo

124 2737 263 2776 mane,
295 2725 431 2778 prima
450 2730 587 2777 nocte,
617 2726 765 2779 primis
784 2725 986 2777 tenebris,
1018 2724 1094 2766 sed
1114 2736 1323 2778 nusquam
1342 2725 1532 2768 iuvenies
1551 2727 1793 2780 appositum
1827 2738 1894 2780 „se
1915 2722 2184 2776 intendente“,
2217 2723 2308 2766 sive
2335 2724 2605 2779 „ostendenti-

124 2796 237 2840 bus“.
299 2798 409 2848 Quid
439 2799 571 2851 igitur
600 2799 869 2842 faciendum?
912 2798 1023 2840 Num
1053 2799 1269 2851 ejiciamus
1300 2799 1432 2841 verba
1461 2799 1536 2842 illa
1566 2801 1688 2852 quasi
1718 2801 1857 2842 aliena
1885 2811 2013 2841 manu
2044 2798 2239 2841 inserta?
2283 2797 2471 2861 Minime⁸
2489 2811 2605 2843 vero.

124 2870 218 2914 Non
248 2872 471 2924 mutanda,
516 2886 652 2926 neque
684 2873 911 2926 efficienda,
953 2872 1029 2916 sed
1049 2872 1145 2915 ,alio
1185 2872 1309 2915 modo
1347 2871 1420 2915 illa
1459 2873 1561 2916 mihi
1592 2873 1789 2916 videntur
1818 2884 1912 2915 esse
1950 2870 2286 2926 interpretanda.
2346 2871 2466 2916 Inest
2495 2872 2608 2917 enim

123 2946 166 2988 in
197 2945 328 2989 verbo
374 2945 633 3002 „iubenda-st
677 2946 805 2991 etiam
835 2944 1086 3001 significatio
1126 2944 1371 2990 elaborandi
1411 2949 1542 3007 atque
1572 2946 1781 2998 enitendi,
1829 2945 1890 2990 ita
1929 2948 1978 2989 ut
2014 2944 2203 2989 liberiori
2242 2944 2410 2990 dicendi
2448 2958 2609 3001 genere

124 3019 265 3062 verbis
299 3034 367 3076 „se
395 3020 717 3064 intendentibus“
751 3021 1012 3076 subjicienda
1041 3021 1097 3065 sit
1127 3019 1360 3065 sententia:
1395 3031 1524 3074 quum
1555 3020 1613 3064 illi
1645 3033 1692 3064 se
1722 3019 2003 3064 intenderent.
2048 3017 2210 3065 Sensus
2240 3019 2375 3074 igitur
2405 3020 2489 3066 loci
2519 3027 2607 3067 est:

122 3092 267 3147 Regiis
283 3094 530 3148 juvenibus,
562 3108 691 3149 quum
713 3108 858 3139 omnes
878 3108 1031 3139 nervos
1055 3093 1382 3157 contenderent,
1413 3095 1619 3150 contigit,
1652 3099 1699 3139 ut
1729 3094 1876 3150 primis
1897 3093 2085 3140 tenebris
2111 3094 2289 3139 Romam
2318 3096 2607 3149 pervenirent.

122 3167 239 3212 Rara
269 3169 439 3223 quidem
469 3170 542 3214 illa
573 3170 738 3215 dicendi
768 3171 882 3215 ratio
912 3174 1002 3224 est,
1033 3170 1109 3215 sed
1139 3183 1221 3214 non
1251 3181 1428 3225 prorsus
1458 3171 1676 3215 inusitata.

2331 3247 2377 3279 1*
