2799 3600
1374 271 1408 327 9

154 434 203 476 fit
232 434 433 489 triumphi
465 433 635 477 mentio.
682 432 885 480 Camillus
914 432 1100 475 fortasse
1129 433 1243 488 ipse,
1274 433 1388 490 quod
1419 433 1624 488 religione
1655 445 1702 476 se
1734 445 1816 475 uon
1847 432 2123 484 exsolvisset,
2154 431 2414 486 triumphum
2445 443 2492 474 sc
2510 442 2639 483 agere

155 520 279 563 posse
311 513 557 564 negaverat.
620 506 773 562 Itaque
803 510 979 550 senatus
1009 508 1100 562 eius
1132 509 1427 552 verecundiam
1460 520 1541 550 non
1570 508 1711 551 ferens
1741 507 1844 550 nihil
1875 507 2132 549 existimavit
2161 506 2401 560 antiquius,
2433 517 2559 560 quam
2591 508 2641 545 ut

155 585 356 628 Camillus
387 586 479 626 sine
510 595 630 625 mora
659 583 748 624 voti
778 582 1044 625 liberaretur.
1091 582 1272 625 Vovisse
1301 588 1442 625 autem
1475 583 1694 625 Camillum
1727 583 1909 636 Apollini
1939 583 2143 625 decimam
2173 582 2360 636 praedae
2376 581 2641 623 Veientanae

154 663 342 712 partem,
373 659 521 701 Livius
552 668 683 710 supra
713 668 806 709 cap.
829 660 896 699 23.
927 657 1284 700 commemoravit.
1345 657 1386 699 Is
1418 657 1532 699 vocis
1564 646 1899 708 ‚merewndiae“
1931 667 2082 699 seusus
2113 667 2208 699 esse
2239 656 2429 707 videtur,
2470 655 2523 697 de
2553 665 2641 708 qua

155 733 302 776 Cicero
333 733 404 777 lib.
435 733 488 776 de
518 744 609 786 rep.
641 730 692 774 V.
724 736 764 774 4.
793 730 899 776 dicit
927 731 1109 775 haecce:
1157 731 1283 783 „Nee
1315 743 1416 774 vero
1455 736 1540 774 tam
1581 735 1696 774 metu
1736 743 1956 785 poenaque
1995 734 2236 783 terrentur,
2277 743 2386 784 quae
2426 734 2493 773 est
2534 741 2637 773 con-

154 808 306 851 stituta
346 806 534 862 legibus,
580 818 707 861 quam
747 806 1015 857 verecundia,
1062 817 1190 858 quam
1231 809 1387 848 natura
1426 805 1583 848 homini
1622 805 1741 849 dedit
1779 805 1902 859 quasi
1943 806 2149 858 quendam
2187 805 2512 860 vituperationis
2553 813 2636 847 non

152 881 333 935 injustae
372 881 580 924 timorem.
640 878 761 923 Hanc
800 879 871 922 ille
911 881 1054 925 rector
1090 890 1233 920 rerum
1271 877 1552 932 publicarum
1575 879 1695 922 auxit
1733 879 2000 933 opinionibus
2043 879 2305 932 perfecitque
2346 878 2554 921 institutis
2592 881 2638 919 et

153 952 405 1008 disciplinis,
437 956 485 996 ut
515 951 654 1008 pudor
683 952 798 995 cives
829 964 910 994 non
941 950 1080 995 minus
1111 964 1136 993 a
1159 950 1325 994 delictis
1355 955 1544 1005 arceret,
1577 965 1702 1007 quam
1732 952 1913 996 metus.“

400 1270 663 1337 Accepto
709 1268 840 1320 inde
886 1269 1120 1321 sena-tus
1167 1273 1459 1337 consulto,
1521 1289 1580 1324 ut
1635 1274 1879 1325 oon-‚uiis
1938 1276 2169 1325 curiatis
2213 1285 2517 1324 revocatus
2563 1273 2633 1323 de

291 1364 460 1416 exilio
496 1365 666 1435 jussu
719 1365 919 1436 populi
966 1364 1244 1420 Camillus
1298 1368 1545 1422 dictator
1597 1371 1887 1442 extemplo
1943 1372 2250 1434 (liceretur,
2311 1370 2633 1443 militesque

291 1462 569 1516 haberent
615 1462 1042 1534 imperatorem,
1098 1466 1552 1538 qurnrvellent.
1613 1468 1815 1523 eadem
1863 1469 2172 1540 degressus
2218 1467 2358 1539 wia)
2403 1466 2635 1521 nuntius

292 1557 464 1611 Veios
519 1559 837 1622 contendit,
898 1561 1170 1634 missique
1223 1564 1477 1625 ,Ardezun
1544 1566 1718 1637 legati
1781 1566 1854 1619 ad
1909 1566 2212 1618 Camillum
2274 1565 2442 1617 Veios
2505 1573 2632 1617 enm

290 1648 631 1725 perfluxere,
692 1676 794 1710 seu
853 1658 1043 1730 (quod
1096 1662 1280 1734 inagis
1336 1664 1566 1715 credere
1622 1664 1764 1716 libet
1816 1684 1928 1715 non
1984 1665 2140 1734 prius
2195 1664 2515 1734 profectum
2560 1662 2632 1714 ab

287 1752 505 1817 Ardea,
551 1772 725 1826 quam
758 1758 1039 1826 comperit
1083 1758 1271 1830 legem
1316 1760 1521 1823 latam,
1568 1762 1723 1832 quod
1768 1782 1874 1814 nee
1919 1762 2141 1831 injussu
2184 1760 2385 1832 populi
2429 1758 2632 1812 mutari

287 1849 497 1904 finibus
553 1859 775 1923 posset,
831 1872 939 1907 nec
996 1853 1103 1907 nisi
1161 1854 1407 1909 dictator
1451 1857 1637 1910 ‹lictus-
1694 1858 1951 1929 auspicia
1999 1859 2053 1910 iu
2101 1858 2351 1911 exercitu
2395 1855 2631 1926 habere)

293 1946 379 1999 lex
431 1950 651 2003 curiata
694 1951 814 2004 lata
857 1960 945 2005 est
990 1951 1350 2026 dhrtatorquv
1397 1954 1607 2008 absens
1654 1955 1860 2009 dietus.

324 2058 464 2102 Verba
482 2061 562 2104 hoc
582 2062 707 2104 modo
727 2062 839 2105 iuter
859 2076 906 2106 se
927 2064 1186 2107 cohaerent:
1218 2065 1403 2119 Accepto
1435 2067 1532 2109 inde
1564 2072 1740 2110 senatus
1759 2070 1975 2119 consulto,
2009 2075 2058 2111 ut
2088 2076 2311 2113 revocatus
2336 2071 2458 2122 jussu
2488 2069 2631 2121 populi

150 2132 351 2174 Camillus
392 2135 574 2178 comitiis
612 2137 789 2180 curiatis
839 2139 1051 2191 extemplo
1093 2139 1277 2182 dictator
1325 2141 1542 2183 diceretur
1587 2143 1833 2197 militesque
1879 2144 2086 2186 habeient
2138 2146 2458 2199 imperatorem,
2508 2153 2632 2194 quem

150 2206 306 2249 vellent
327 2211 434 2258 etc.;
466 2209 529 2252 ita
558 2215 606 2252 ut
627 2224 752 2254 voces
782 2213 989 2263 „comitiis
1010 2215 1212 2255 curiatis“
1243 2229 1325 2257 non
1357 2216 1411 2256 ad
1441 2218 1712 2270 participium
1744 2219 1971 2271 insequens
2002 2223 2296 2271 „revoc-alus&
2329 2219 2402 2259 sed
2431 2217 2484 2257 ad
2505 2227 2632 2258 voces

152 2279 365 2330 „dictator
394 2284 596 2338 extemplo
626 2286 863 2327 diceretu1·“
907 2288 992 2329 sint
1022 2290 1291 2340 referendae;
1333 2303 1416 2332 non
1453 2293 1566 2345 quod
1607 2294 1871 2336 comitiorum
1912 2296 2172 2337 curiatorum
2210 2296 2254 2337 id
2292 2305 2442 2335 munus
2479 2292 2631 2334 fuisset

148 2353 400 2397 dictatorem
441 2356 601 2411 dicere,
643 2360 857 2415 (dictator
888 2363 999 2404 enim
1029 2364 1275 2406 auctoribus
1305 2366 1501 2418 patribus
1540 2372 1613 2409 aut
1653 2381 1679 2409 a
1710 2369 1903 2421 consule,
1945 2374 2023 2412 aut
2058 2382 2085 2411 a
2121 2369 2291 2411 tribuno
2321 2367 2499 2409 militum
2529 2378 2629 2407 con·

152 2427 280 2469 sulari
311 2433 527 2481 potestate
558 2439 652 2475 erat
682 2435 915 2490 dicendus)
958 2438 1033 2479 sed
1072 2439 1184 2491 quod
1225 2441 1395 2481 comitia
1424 2442 1589 2483 curiata
1619 2443 1817 2484 dictatori
1849 2444 2069 2496 imperium
2101 2445 2320 2485 dederunt.
2378 2442 2458 2482 Est
2487 2444 2630 2482 autem

149 2502 252 2545 haec
283 2504 450 2546 concisa
491 2507 698 2558 quaedam
731 2509 897 2551 dicendi
937 2512 1047 2553 ratio
1087 2524 1165 2564 pro
1204 2524 1276 2564 eo,
1321 2514 1432 2564 quod
1473 2514 1640 2566 plenius
1678 2517 1890 2559 enuntiari
1930 2518 2090 2570 potuit:
2131 2520 2178 2556 ut
2208 2516 2408 2557 Camillus
2445 2515 2631 2556 dictator

149 2577 359 2630 extemplo
390 2578 606 2624 diceretur
636 2588 677 2625 et
710 2584 890 2627 comitiis
922 2585 1097 2628 curiatis
1127 2586 1351 2639 imperium
1382 2588 1607 2641 acciperet.
1665 2590 1804 2632 Verba
1837 2596 1978 2633 autem
2011 2594 2256 2643 „revocatus
2285 2590 2333 2628 de
2365 2588 2488 2629 milio
2507 2590 2632 2642 jum

140 2651 287 2705 populi
318 2651 550 2696 Gavnillus“
590 2662 785 2710 spectant
826 2659 879 2702 ad
920 2659 1012 2711 illa,
1053 2673 1162 2713 quae
1202 2661 1343 2713 paullo
1374 2665 1472 2703 ante
1505 2669 1888 2707 commemorantur
1928 2678 2152 2714 ..t-misenen
2185 2665 2363 2704 oninium
2393 2665 2549 2718 placuit
2577 2663 2629 2703 ab

145 2724 285 2766 Ardea
318 2725 533 2770 Camillum
564 2732 731 2773 accim<
974 2739 979 2765 s

317 2800 493 2844 Romani
536 2805 667 2857 enim,
715 2808 787 2860 qui
831 2821 877 2850 re
914 2809 968 2850 ad
1008 2809 1159 2852 Alliam
1200 2809 1308 2852 male
1348 2814 1473 2864 gesta
1504 2811 1631 2854 Veios
1669 2814 1966 2865 confugerant,
2014 2813 2100 2855 viee
2142 2811 2197 2853 ibi
2239 2813 2356 2863 fungi
2397 2818 2632 2865 coeperunt

144 2874 287 2926 populi
326 2874 517 2918 Romani.
578 2880 727 2933 Neque
777 2883 1001 2925 immerito.
1063 2885 1247 2926 Primum
1290 2885 1400 2926 euim
1441 2887 1575 2939 major
1619 2886 1827 2930 exercitus
1867 2886 2043 2927 Romani
2081 2898 2181 2938 pars
2223 2899 2273 2928 ex
2315 2887 2405 2927 acie
2445 2886 2631 2939 petierat

144 2947 299 2997 Veios;
344 2952 433 2991 tum
463 2964 489 2993 a
519 2953 652 2996 Roma
682 2955 776 3007 ipsa
806 2957 988 2999 imbellis
1018 2962 1147 3011 atque
1179 2958 1350 3000 inermis
1382 2959 1630 3012 multitudo,
1663 2973 1789 3015 quam
1818 2973 1893 3001 arx
1925 2959 2283 3013 Capitoliumque,
2315 2971 2399 3013 qno
2423 2961 2630 3013 ,iuventus

143 3021 338 3064 militaris
369 3029 630 3080 senatusque
661 3029 793 3072 robur
823 3043 869 3074 se
900 3032 1190 3093 contulerant.
1231 3045 1383 3086 capere
1424 3046 1505 3076 non
1537 3039 1704 3086 posset⁷
1744 3034 1876 3076 Gallis
1906 3033 2164 3075 instantibus
2195 3045 2273 3087 per
2302 3044 2432 3087 agros
2463 3034 2632 3087 dilapsa

144 3094 291 3138 eodem
334 3104 603 3143 convenerat.
667 3101 820 3159 Itaque
862 3118 992 3160 quum
1021 3106 1200 3150 Romani
1230 3107 1330 3151 Veis
1370 3114 1678 3153 commorantes
1723 3110 1844 3163 sigua
1883 3109 1980 3151 inde
2018 3121 2189 3152 movere
2221 3109 2379 3152 vellent
2409 3107 2630 3152 Gallorum

140 3169 334 3214 manibus
364 3173 547 3224 patriam
580 3179 793 3232 erepturi,
825 3193 963 3235 neque
995 3186 1110 3224 esset
1141 3195 1266 3236 quem
1296 3182 1453 3230 milites
1484 3190 1766 3237 sequerentur
1794 3183 1965 3236 ducem,
2008 3183 2260 3238 (Caedicius
2293 3184 2406 3226 enim
2437 3185 2631 3227 centurio

141 3255 225 3286 non
257 3244 490 3298 legitimum
521 3247 707 3293 habebat
736 3251 977 3307 imperium,
1010 3255 1083 3298 sed
1115 3255 1170 3298 ad
1201 3259 1370 3316 tempus
1402 3261 1494 3317 emt
1514 3257 1567 3301 ab
1590 3258 1780 3302 exercitu
1803 3257 1886 3300 dux
1902 3249 2116 3311 electus),
2149 3258 2199 3301 iis
2232 3257 2393 3311 placuit
2427 3258 2630 3314 (comitiis

2356 3332 2377 3365 2
