2799 3600
1398 217 1428 267 8

340 377 395 420 Et
426 387 568 420 vocem
600 375 925 431 „quaudoque“
958 374 1084 418 simili
1114 374 1239 418 modo
1270 379 1450 430 usurpat
1481 375 1573 418 Liv.
1605 374 1719 417 XXI.
1752 377 1815 416 3.:

450 460 515 505 Ne
546 459 802 516 quandoque
832 471 992 515 parvus
1022 460 1089 505 hic
1120 459 1230 514 ignis
1262 459 1502 503 incendium
1533 459 1683 514 iugens
1714 458 1970 509 exsuscitet;

450 541 586 585 Tacit.
619 541 771 584 Annal.
804 540 877 584 lv.
911 544 1002 584 28.:
1035 540 1097 583 Ut
1125 539 1258 589 filium
1288 539 1544 594 quandoque
1575 538 1784 593 supplicia
1815 543 2122 593 sequerentur;

451 621 559 666 lbid.
590 621 664 665 VI.
698 624 789 665 20.:
821 620 878 664 Et
909 624 978 674 tu,
1009 619 1167 672 Galba,
1199 619 1455 674 quandoque
1485 618 1738 673 degustabis
1769 618 2006 673 imperium.

336 715 491 770 Itaque
524 718 602 766 „ue
631 715 833 768 quamlo“
864 714 1105 767 germanice
1136 711 1314 756 reddere
1345 711 1470 754 licet:
1511 722 1593 762 „so
1624 709 1724 753 bald
1754 711 1957 754 einmal“.

1214 918 1327 995 Liv.
1376 919 1443 994 V.
1503 919 1601 994 21.

413 1066 853 1121 Clamoromnia
873 1066 1040 1118 variis
1070 1066 1398 1118 terrentium
1429 1085 1494 1116 zu·
1523 1064 1855 1135 paventium
1884 1065 2122 1117 vocibus
2148 1065 2326 1118 mixta
2353 1066 2651 1118 uuilierum

302 1184 369 1218 ae
414 1182 719 1235 puerorum
766 1161 996 1234 ploratu
1041 1161 1311 1233 complet.

333 1286 452 1331 Haec
484 1284 564 1329 viri
595 1284 766 1338 quidam
798 1283 913 1328 docti
945 1283 1007 1326 ita
1038 1281 1337 1336 interpr-aetati
1368 1288 1487 1334 sunt,
1531 1287 1745 1336 tamquam
1786 1282 1918 1326 verba
1958 1284 2118 1336 „vav-&s
2147 1285 2385 1326 terrentium
2419 1297 2469 1326 ac
2498 1298 2655 1340 paven-

160 1362 260 1405 tium
288 1359 488 1403 υοείὶιιιιια
517 1348 757 1414 penderent
787 1372 813 1402 a
843 1355 976 1401 verbo
1005 1357 1249 1413 ,‚complet“
1282 1361 1327 1401 et
1359 1358 1522 1410 „mixto
1552 1358 1769 1400 mul-'evum
1799 1369 1850 1399 ac
1872 1370 2102 1412 puer-«mam
2124 1357 2329 1413 ploratu“
2369 1358 2547 1402 ablativi
2577 1359 2653 1402 ab·

158 1435 289 1481 soluti
319 1438 477 1480 essent.
540 1433 781 1478 Transtulit
821 1432 933 1477 enim
970 1446 1022 1476 ea
1050 1430 1347 1487 Heusingerus
1394 1431 1630 1485 „Ueberall
1667 1435 1836 1476 ertssnte
1875 1420 1942 1475 ein
1975 1431 2179 1477 Geschrei
2218 1448 2301 1477 von
2333 1435 2539 1478 Stimmeu
2578 1436 2655 1478 der

160 1509 490 1554 Schreckenden
514 1508 600 1552 und
625 1508 703 1552 der
719 1506 1055 1561 Gei‘mgstigten,
1086 1506 1165 1549 mit
1180 1506 1276 1550 dem
1300 1505 1391 1550 sich
1416 1506 1494 1549 das
1518 1505 1684 1550 Geheul
1706 1505 1785 1549 der
1800 1504 1974 1549 Weiber
1996 1505 2081 1549 und
2102 1505 2265 1550 Kinder
2286 1507 2581 1551 vermischte.“
2598 1534 2654 1539 —

160 1584 220 1627 At
250 1582 385 1627 verba
422 1583 588 1636 ,mariis
618 1582 856 1624 ten-entium
887 1593 938 1623 ac
960 1580 1199 1635 paventium
1229 1579 1426 1623 vocibus‘⁸
1469 1592 1551 1623 non
1590 1579 1776 1633 pendent
1814 1592 1840 1622 a
1871 1579 2001 1623 verbo
2041 1581 2311 1636 ,‚complet“‚
2352 1582 2426 1626 sed
2462 1596 2488 1625 a
2519 1583 2653 1638 parti-

159 1657 270 1711 cipio
300 1657 443 1710 potius
474 1655 692 1707 ,‚miaeto“,
725 1655 787 1698 ita
816 1659 864 1697 ut
896 1653 1026 1697 verba
1056 1654 1169 1697 inter
1199 1666 1246 1696 se
1277 1653 1353 1696 tali
1384 1653 1507 1696 modo
1538 1652 1818 1696 cohaereant:
1851 1651 2021 1695 Clamor
2050 1654 2190 1697 omnia
2220 1655 2404 1710 complet
2432 1657 2654 1700 mulierum

159 1744 208 1776 ac
238 1743 469 1785 puerorum
498 1730 694 1784 ploratu,
737 1729 810 1783 qui
849 1730 1010 1772 mixtus
1051 1732 1143 1771 erat
1176 1727 1306 1770 variis
1337 1727 1589 1770 terrentium
1620 1740 1669 1769 ac
1698 1727 1944 1779 paventium
1974 1727 2172 1783 vocibus3
2214 1730 2331 1772 Alles
2361 1730 2468 1773 hallt
2499 1731 2655 1775 wieder

160 1816 258 1849 vom
289 1802 480 1848 Geheule
516 1802 593 1846 der
623 1801 799 1846 Weiber
837 1800 924 1845 und
964 1800 1148 1855 Kiuder,
1193 1800 1372 1845 welches
1414 1800 1504 1844 sich
1543 1800 1620 1843 mit
1659 1800 1740 1844 den
1774 1801 2066 1846 wechselnden
2098 1801 2305 1848 Stimmeu
2346 1804 2656 1850 schrcckender

160 1877 369 1933 Drohung
398 1876 485 1921 und
515 1876 730 1931 zagender
759 1874 898 1930 Angst
930 1874 1200 1919 vermischte.

335 1969 541 2013 Similiter
570 1969 664 2013 Liv.
695 1968 851 2012 XXIX.
888 1971 978 2011 17.:
1012 1967 1165 2011 Omnia
1195 1968 1354 2021 passim
1385 1966 1607 2011 mulierum
1639 1978 1953 2023 puerorumque
1985 1967 2222 2022 ploratibus
2254 1973 2418 2013 sonant.

1218 2180 1330 2256 Liv.
1383 2181 1446 2255 V.
1492 2180 1589 2256 28.

410 2328 690 2382 Camillus
737 2328 968 2382 meliore
1016 2328 1196 2381 multo
1246 2329 1443 2395 laude,
1502 2349 1674 2402 qutun
1720 2347 1851 2382 cum
1896 2327 2344 2398 triumphantem
2392 2327 2508 2382 albi
2556 2348 2655 2399 per

302 2425 500 2478 urbem
547 2431 820 2478 vexerant
866 2425 1024 2495 equi,
1079 2425 1318 2497 insignis
1354 2428 1580 2498 justitia
1625 2425 1854 2496 fideque,
1900 2423 2165 2477 hostibus
2214 2424 2375 2476 vietis
2422 2445 2553 2476 eum
2599 2427 2653 2478 in

302 2522 500 2576 urbem
546 2522 816 2582 redisset,
861 2523 1035 2576 tacite
1083 2524 1206 2592 ejus
1254 2526 1658 2577 verecundiam
1707 2543 1817 2575 nou
1863 2523 1993 2575 tulit
2036 2532 2295 2581 sotiatus,
2351 2525 2485 2594 quin
2531 2525 2651 2576 sine

303 2639 462 2672 mora
509 2621 623 2673 voti
666 2620 1021 2674 liberaretur.

336 2731 623 2784 comparatur
663 2732 740 2774 hoc
783 2731 873 2774 loco
912 2731 1070 2783 gloria,
1113 2745 1238 2786 quani
1271 2733 1473 2775 Camillus
1508 2734 1605 2775 Veis
1651 2734 1786 2786 raptis·
1817 2737 2067 2785 pepererat,
2112 2743 2204 2773 rum
2238 2731 2359 2774 laude
2393 2732 2481 2782 illa,
2528 2745 2653 2786 quam

160 2806 426 2849 Faliscorum
464 2805 680 2848 deditione
721 2809 790 2848 est
827 2810 1065 2849 assecutus.
1129 2805 1256 2848 Veios
1297 2805 1444 2848 urbem
1488 2807 1644 2848 nomini
1687 2806 1876 2848 Romano
1919 2803 2233 2847 infestissimam
2265 2819 2478 2847 armorum
2511 2807 2548 2847 vi
2581 2820 2653 2848 ex-

161 2882 448 2933 pugnaverat,
481 2878 673 2922 Falerios
694 2878 907 2922 deditione
940 2884 1093 2933 sponte
1125 2879 1238 2923 facta
1268 2880 1311 2921 in
1343 2893 1462 2922 suam
1493 2880 1657 2932 redegit
1691 2883 1972 2932 1›0testateni;
2007 2880 2107 2922 Veis
2134 2881 2271 2932 captis
2293 2879 2439 2922 urbem
2463 2881 2654 2922 invectus

161 2957 256 2996 erat
286 2966 415 2996 curru
457 2952 580 3008 equis
611 2950 720 2994 albis
744 2952 928 3006 junctis,
974 2967 1001 2995 a
1031 2953 1212 2996 Faleriis
1253 2954 1444 2995 exercitu
1484 2953 1657 2995 dimisso
1698 2954 1875 3006 insignis
1900 2954 2070 3006 justitia
2106 2953 2273 3006 fideque
2305 2954 2499 2997 hostibus
2533 2955 2654 2999 victis

161 3027 337 3070 Romam
368 3027 507 3071 rediit.
571 3025 828 3081 Triumphus
860 3027 951 3080 ille,
996 3041 1120 3082 quem
1151 3028 1204 3070 de
1240 3027 1488 3071 Veientibus
1506 3027 1645 3089 xvictis
1677 3029 1786 3082 egit,
1830 3028 2037 3081 omnium,
2080 3029 2152 3082 qui
2184 3041 2369 3083 unquam
2401 3033 2500 3072 aute
2533 3035 2654 3074 eraut

160 3102 395 3157 deportati,
427 3102 795 3157 splendidissimus
819 3103 887 3146 vel
909 3103 1087 3146 deorum
1116 3103 1417 3156 hominumque
1443 3102 1642 3146 invidiam
1671 3103 1953 3155 excitaverat,
1986 3103 2206 3147 victoriam
2236 3115 2287 3145 ex
2313 3102 2490 3147 Faliscis
2511 3105 2654 3157 latam,

160 3178 229 3221 cui
260 3188 381 3220 nemo
412 3177 641 3228 invideret,
672 3189 748 3220 nec
780 3177 899 3219 deus·
918 3190 995 3221 nec
1027 3177 1150 3219 homo
1182 3178 1427 3231 quisquam,
1461 3176 1702 3231 triumphus
1733 3190 1815 3220 uon
1847 3181 2023 3221 secutus
2056 3188 2150 3220 esse
2171 3176 2353 3219 videtur.
2395 3177 2519 3221 Nulla
2545 3179 2654 3222 enim
