2799 3600
226 394 322 440 Non
352 395 480 438 iidem
509 393 704 438 homines
733 391 788 436 de
817 390 942 446 plebe
973 390 1099 433 modo
1120 390 1162 433 in
1182 389 1409 446 Esquiliis,
1441 389 1564 433 inodo
1584 389 1627 432 in
1649 364 1860 431 Aventino
1877 391 2027 432 coetus
2047 387 2222 441 fecisse,
2253 389 2330 432 sed
2352 389 2548 432 diversae

52 472 138 516 alia
169 470 254 514 alio
284 469 377 512 loco
407 467 642 521 separatim
671 465 762 510 suis
791 464 922 509 rebus
951 464 1217 508 consuluisse
1246 464 1469 514 videntur;
1512 462 1726 515 obaerati,
1765 465 1810 506 et
1839 462 1912 518 qui
1940 473 2090 506 eorum
2120 474 2318 506 caussam
2348 461 2547 516 agebant,

52 547 236 588 fortasse
268 544 311 585 in
343 541 548 596 Esquiliis
556 571 568 593 ,
611 541 849 584 creditores
879 543 1032 583 contra
1062 542 1106 581 et
1136 537 1337 580 nobilium
1379 538 1415 579 si
1457 538 1530 591 qui
1570 545 1665 579 cum
1695 535 1747 579 iis
1779 535 1977 588 stabant,
2018 537 2060 579 in
2092 537 2304 579 Aventino
2334 536 2548 580 habebant

52 618 240 662 concilia.

1112 742 1224 818 Liv.
1279 740 1340 817 ll.
1391 740 1488 816 31.

295 891 578 964 Equitatu
622 892 880 945 immisso
910 891 1159 944 dictator
1201 890 1452 944 mediam
1496 888 1830 942 turbaverat
1872 887 2121 940 hostium
2162 885 2372 948 aciem,
2419 904 2548 956 qua,

193 989 331 1042 dum
376 1007 437 1042 se
469 1007 685 1042 cornua
729 985 901 1041 latius
947 988 1232 1057 pandunt,
1278 1006 1479 1058 parum
1521 990 1654 1056 apte
1696 985 2003 1038 introrsum
2035 983 2331 1037 ordinibus
2364 982 2547 1035 aciem

191 1084 588 1150 firmaverant5
633 1082 898 1135 turbatos
945 1083 1125 1152 pedes
1172 1083 1396 1135 invasit.

228 1191 307 1234 Hic
338 1191 449 1233 duae
480 1189 702 1233 offendunt
732 1202 882 1240 voces;
923 1189 1105 1241 primum
1136 1191 1337 1243 repetitio
1370 1191 1486 1234 vocis
1519 1192 1740 1242 „aciem“,
1783 1194 1872 1231 tum
1904 1188 2152 1233 adverbium
2185 1194 2364 1244 „apte⁶‘.
2419 1189 2551 1231 Recte

54 1266 296 1310 Gronovius
327 1264 467 1308 altera
499 1277 601 1307 voce
634 1264 835 1316 ‚,aciem“
867 1262 1012 1306 deleta
1042 1263 1249 1306 correxit:
1292 1277 1463 1318 ,‚quam,
1495 1265 1593 1305 dum
1623 1276 1665 1305 sc
1696 1276 1854 1305 corma
1883 1263 2005 1304 latius
2028 1264 2241 1317 pandunt,
2277 1277 2429 1316 parum
2458 1266 2551 1315 apte

53 1340 277 1381 introrsum
298 1336 510 1380 ordinibus
517 1336 779 1389 firmaverat.
822 1335 931 1379 Nam
952 1336 1100 1390 optimi
1119 1336 1287 1380 codices
1308 1337 1601 1380 accusativum
1633 1338 1815 1392 ‚,quam“
1845 1335 2066 1390 praebent.
2113 1338 2170 1379 At
2197 1337 2376 1380 alteram
2407 1348 2552 1378 vocem

55 1414 205 1468 ‚,apte“
238 1411 414 1465 reliquit
443 1410 669 1462 intactam,
715 1421 825 1463 quae
865 1412 913 1451 ut
944 1409 1099 1452 vitiosa
1130 1409 1322 1462 inprimis
1354 1414 1448 1453 erat
1480 1410 1756 1454 emendanda.
1816 1409 1926 1454 Nam
1949 1423 2101 1465 parum
2131 1413 2224 1465 apte
2242 1409 2418 1461 firmare
2449 1422 2550 1451 ean-

55 1486 151 1530 dem
184 1485 492 1540 quodammodo
523 1485 608 1528 vim
648 1483 850 1536 haberet,
897 1494 1022 1536 quam
1063 1483 1205 1537 inepte
1246 1482 1429 1527 firmare.
1492 1485 1548 1527 At
1580 1484 1615 1527 si
1647 1484 1754 1540 quis¹
1774 1484 1944 1528 omnino
1973 1497 2057 1528 non
2086 1483 2216 1528 habet
2246 1484 2353 1527 satis
2385 1483 2551 1533 virium,

56 1559 212 1612 quibus
242 1557 383 1601 firmet
414 1558 570 1610 aciem,
602 1558 675 1611 qui
706 1560 851 1610 potest
880 1555 916 1599 is
948 1556 1029 1600 dici
1062 1557 1204 1610 inepte
1235 1556 1405 1601 firmare
1436 1558 1600 1601 aciem?
1660 1557 1811 1612 Itaque
1852 1569 1933 1601 non
1977 1557 2149 1609 dubito,
2195 1558 2297 1612 quin
2327 1556 2551 1610 legendum

56 1633 137 1682 sit,
180 1644 330 1684 parum
370 1632 484 1684 aptis
528 1632 762 1673 introrsum
793 1630 1039 1681 ordinibuS,
1082 1631 1143 1672 ita
1178 1634 1224 1671 ut
1255 1630 1365 1672 duae
1395 1631 1664 1684 potissimum
1696 1643 1765 1673 res
1795 1630 1990 1674 hostibus
2021 1631 2125 1674 vitio
2156 1631 2330 1683 deutur,
2371 1630 2551 1685 primum

58 1706 172 1760 quod
203 1719 363 1748 cornua
395 1704 525 1746 latius
563 1704 816 1756 panderint,
858 1708 949 1747 tum
990 1705 1103 1758 quod
1145 1705 1326 1747 mediam
1367 1706 1500 1747 aciem
1540 1717 1688 1758 parum
1730 1705 1842 1757 aptis
1880 1705 2112 1747 introrsum
2151 1704 2370 1747 ordinibus
2410 1703 2551 1746 firma·

56 1780 210 1821 verint.
271 1780 350 1821 Est
380 1782 524 1821 autem
555 1782 696 1833 aptus,
728 1781 777 1819 ut
810 1777 965 1820 Festus
998 1778 1080 1830 ait,
1114 1779 1173 1830 is,
1207 1779 1279 1832 qui
1310 1780 1612 1821 convenienter
1641 1779 1768 1822 alicui
1793 1780 1967 1832 junctus
1998 1782 2076 1821 est.
2122 1778 2189 1822 Sic
2221 1778 2366 1821 Livius
2400 1778 2451 1820 X.
2484 1781 2551 1820 25.

57 1852 283 1895 Profectus
314 1856 417 1906 apto
449 1853 639 1894 exercitu
671 1856 715 1893 et
746 1863 797 1894 eo
827 1851 925 1905 plus
955 1850 1137 1894 fiduciae
1168 1864 1217 1893 ac
1251 1854 1341 1905 spei
1365 1857 1562 1905 gerente,
1596 1854 1709 1906 quod
1741 1865 1822 1896 non
1845 1853 2090 1896 desiderata
2120 1853 2347 1896 multitudo
2370 1857 2475 1895 crat.
2499 1877 2553 1880 w

56 1927 115 1968 Et
145 1938 271 1969 voces
313 1927 569 1979 „introrsum
600 1925 844 1966 ordinibus“
890 1930 1017 1979 egent
1058 1925 1247 1979 epitheto
1286 1926 1491 1979 quodam,
1536 1928 1654 1970 velut
1694 1927 1808 1981 apud
1846 1927 2012 1970 Livium
2052 1927 2123 1970 lib.
2154 1926 2330 1970 XXXII.
2370 1931 2430 1969 17.
2465 1927 2552 1972 talc

57 2001 159 2055 quid
191 2001 434 2054 appositum
465 2001 643 2054 reperis.
705 1998 820 2042 Dicit
854 2000 984 2041 enim:
1029 1999 1282 2041 Macedones
1322 1999 1504 2043 conferti
1544 2000 1740 2053 pluribus
1772 2001 1983 2044 introrsus
2015 2001 2233 2045 ordinibus
2265 2001 2355 2045 acie
2384 2000 2552 2044 firmata

57 2075 271 2118 Romanos
304 2075 573 2128 expulerunt.

1122 2192 1232 2268 Liv.
1286 2193 1346 2267 ll.
1408 2192 1504 2267 59.

309 2338 383 2392 M.
428 2339 656 2392 Duilius
703 2339 963 2392 tribunus
1010 2341 1197 2410 plebis¹
1239 2340 1479 2392 inhibito
1517 2340 1822 2393 salubriter
1850 2341 2022 2393 niodo
2055 2342 2260 2393 nimiae
2297 2349 2554 2412 potestn-

203 2437 300 2490 tis:
346 2435 422 2489 Et
466 2436 775 2495 libertatis,
821 2436 1027 2510 inquit,
1072 2444 1302 2491 nostrae
1351 2444 1405 2490 ct
1452 2457 1766 2510 poenarum
1812 2458 1881 2491 ex
1926 2439 2168 2491 inimicis
2215 2439 2354 2492 sutis
2401 2448 2504 2493 ost.

240 2548 333 2591 Vox
365 2550 591 2600 „uimiae“
622 2549 714 2591 vice
745 2549 982 2601 praedicati
1012 2549 1133 2601 fungi
1164 2554 1208 2590 et
1240 2549 1349 2590 idem
1381 2548 1620 2602 siguificare
1652 2549 1842 2600 videtur,
1885 2551 1997 2603 quod
2036 2564 2125 2602 „ne
2154 2553 2282 2592 nimiu
2313 2557 2434 2602 esset,
2474 2554 2556 2594 sive

50 2623 236 2677 fieret“‚·
281 2622 343 2665 ita
382 2626 430 2665 ut
469 2635 620 2666 sensus
658 2623 738 2666 loci
779 2623 857 2666 sit:
906 2621 1119 2665 Tribunus
1151 2622 1286 2676 plebis
1325 2622 1501 2665 inhibito
1539 2623 1770 2666 salubriter
1806 2624 1931 2667 modo
1970 2627 2219 2678 potestatis,
2265 2639 2316 2668 ne
2348 2639 2397 2668 ca
2429 2628 2557 2670 nimia

63 2701 199 2750 esset,
231 2697 285 2740 Et
319 2698 550 2750 libertatiS,
582 2698 742 2752 inquit,
914 2699 1020 2741 satis
1053 2702 1132 2740 cst.

1119 2827 1223 2903 liiv.
1274 2829 1358 2904 111.
1407 2828 1504 2902 51.

315 2974 400 3025 llli
445 2973 732 3043 (Valerius
777 2974 1077 3044 Horatius)
1125 2977 1419 3047 negabant
1472 2996 1531 3026 so
1580 2977 1744 3027 alitor
1785 2978 1986 3039 ituros,
2032 2996 2203 3047 quain
2251 2979 2295 3028 si
2326 2978 2557 3031 ‹lovom-

205 3070 308 3123 viri
340 3071 697 3141 deponerent
741 3071 989 3143 insignia
1032 3073 1407 3143 magistratus
1454 3073 1603 3143 ojus,
1649 3094 1763 3145 quo
1795 3082 1953 3125 anno
1970 3073 2095 3143 jam
2125 3082 2256 3127 ante
2283 3074 2556 3128 abissent.

242 3181 344 3223 Post
376 3181 506 3223 verba
538 3194 652 3236 „quo
685 3206 735 3211 —
770 3183 977 3223 abissent“
1011 3183 1233 3236 suppleas.
1270 3184 1376 3237 „nisi
1408 3184 1489 3236 ipsi
1522 3197 1615 3228 euin
1646 3185 1945 3239 magistratum
1977 3185 2294 3228 retinuissent?
